<record><leader>00000cas a2200000 a 4500</leader><controlfield tag="001">49236152</controlfield><controlfield tag="007">hd afb---bacp</controlfield><controlfield tag="007">hd bfb---babp</controlfield><controlfield tag="008">020304d19261935wauwr nea     0    0eng c</controlfield><datafield ind1=" " ind2=" " tag="010"><subfield code="a">  2002252134</subfield></datafield><datafield ind1=" " ind2=" " tag="040"><subfield code="a">WAU</subfield><subfield code="b">eng</subfield><subfield code="c">WAU</subfield><subfield code="d">OCLCQ</subfield><subfield code="d">OCLCF</subfield><subfield code="d">OCLCO</subfield><subfield code="d">OCLCQ</subfield><subfield code="d">OCLCA</subfield></datafield><datafield ind1=" " ind2=" " tag="042"><subfield code="a">pcc</subfield></datafield><datafield ind1=" " ind2=" " tag="043"><subfield code="a">n-us-wa</subfield></datafield><datafield ind1="0" ind2="0" tag="245"><subfield code="a">North Side outlook.</subfield></datafield><datafield ind1="1" ind2=" " tag="246"><subfield code="i">Issue for Dec. 24, 1931 has title:</subfield><subfield code="a">Christmas outlook</subfield></datafield><datafield ind1="3" ind2="0" tag="246"><subfield code="a">Outlook</subfield></datafield><datafield ind1=" " ind2=" " tag="260"><subfield code="a">Seattle, Wash. :</subfield><subfield code="b">North Side Outlook,</subfield><subfield code="c">[1926-1935]</subfield></datafield><datafield ind1=" " ind2=" " tag="300"><subfield code="a">10 volumes :</subfield><subfield code="b">illustrations</subfield></datafield><datafield ind1=" " ind2=" " tag="310"><subfield code="a">Weekly</subfield></datafield><datafield ind1=" " ind2=" " tag="336"><subfield code="a">text</subfield><subfield code="b">txt</subfield><subfield code="2">rdacontent</subfield></datafield><datafield ind1=" " ind2=" " tag="337"><subfield code="a">microform</subfield><subfield code="b">h</subfield><subfield code="2">rdamedia</subfield></datafield><datafield ind1=" " ind2=" " tag="338"><subfield code="a">microfilm reel</subfield><subfield code="b">hd</subfield><subfield code="2">rdacarrier</subfield></datafield><datafield ind1="0" ind2=" " tag="362"><subfield code="a">Vol. 4, no. 37 (Oct. 7, 1926)-v. 13, no. 6 (Feb. 21, 1935).</subfield></datafield><datafield ind1=" " ind2=" " tag="500"><subfield code="a">Editor: Orrill V. Stapp.</subfield></datafield><datafield ind1=" " ind2=" " tag="500"><subfield code="a">Issued with an additional section for each of three neighborhoods titled: Wallingford outlook, Oct. 7, 1926-Feb. 10, 1927; Fremont outlook, Oct. 7, 1926-Feb. 10, 1927; and: Greenwood-Phinney outlook, Dec. 2, 1926-Feb. 10, 1927. Published in several neighborhood ed., i.e.: Broadview outlook, &lt;1933-&gt;; Fremont ed. of the North Side outlook, &lt;1927-1928&gt;; Fremont outlook, &lt;1928-1935&gt;; Greenwood-Phinney ed. of the North Side outlook, &lt;1927-1928&gt;; Greenwood-Phinney outlook, &lt;1929-1935&gt;; North Park outlook, &lt;1928-1935&gt;; North side outlook (Mailing ed.), &lt;1927-1928&gt;; Meridian ed. of the North Side outlook, &lt;1927-1928&gt;; North 45th St. ed of the North Side outlook, &lt;1927-1928&gt;; Wallingford ed. of the North Side outlook, &lt;1927-1928&gt;; Wallingford outlook, &lt;1928-1935&gt;; West Green Lake outlook, &lt;1929-1935&gt;; and: Woodland Heights outlook, &lt;1928-1935&gt;</subfield></datafield><datafield ind1=" " ind2=" " tag="580"><subfield code="a">North Side outlook and neighborhood editions merged to form: North Central outlook.</subfield></datafield><datafield ind1=" " ind2=" " tag="533"><subfield code="a">Microfilm.</subfield><subfield code="b">[Seattle, Wash.] :</subfield><subfield code="c">Filmed for the University of Washington,</subfield><subfield code="d">-1998.</subfield><subfield code="e">8 microfilm reels ; 35 mm.</subfield><subfield code="n">Filmed with: North Central outlook.</subfield><subfield code="n">Filmed using various neighborhood ed. to make complete chronological run.</subfield><subfield code="n">Some issues incomplete.</subfield></datafield><datafield ind1=" " ind2="0" tag="651"><subfield code="a">Seattle (Wash.)</subfield><subfield code="v">Newspapers.</subfield></datafield><datafield ind1=" " ind2="0" tag="651"><subfield code="a">Broadview (Seattle, Wash.)</subfield><subfield code="v">Newspapers.</subfield></datafield><datafield ind1=" " ind2="0" tag="651"><subfield code="a">Fremont (Seattle, Wash.)</subfield><subfield code="v">Newspapers.</subfield></datafield><datafield ind1=" " ind2="0" tag="651"><subfield code="a">Green Lake (Seattle, Wash.)</subfield><subfield code="v">Newspapers.</subfield></datafield><datafield ind1=" " ind2="0" tag="651"><subfield code="a">Greenwood (Seattle, Wash.)</subfield><subfield code="v">Newspapers.</subfield></datafield><datafield ind1=" " ind2="0" tag="651"><subfield code="a">North Park (Seattle, Wash.)</subfield><subfield code="v">Newspapers.</subfield></datafield><datafield ind1=" " ind2="0" tag="651"><subfield code="a">Phinney Ridge (Seattle, Wash.)</subfield><subfield code="v">Newspapers.</subfield></datafield><datafield ind1=" " ind2="0" tag="651"><subfield code="a">Wallingford (Seattle, Wash.)</subfield><subfield code="v">Newspapers.</subfield></datafield><datafield ind1=" " ind2="7" tag="651"><subfield code="a">Washington (State)</subfield><subfield code="z">Seattle.</subfield><subfield code="2">fast</subfield><subfield code="0">(OCoLC)fst01204940</subfield></datafield><datafield ind1=" " ind2="7" tag="651"><subfield code="a">Washington (State)</subfield><subfield code="z">Seattle</subfield><subfield code="z">Broadview.</subfield><subfield code="2">fast</subfield><subfield code="0">(OCoLC)fst01328213</subfield></datafield><datafield ind1=" " ind2="7" tag="651"><subfield code="a">Washington (State)</subfield><subfield code="z">Seattle</subfield><subfield code="z">Fremont.</subfield><subfield code="2">fast</subfield><subfield code="0">(OCoLC)fst01317259</subfield></datafield><datafield ind1=" " ind2="7" tag="651"><subfield code="a">Washington (State)</subfield><subfield code="z">Seattle</subfield><subfield code="z">Green Lake.</subfield><subfield code="2">fast</subfield><subfield code="0">(OCoLC)fst01325404</subfield></datafield><datafield ind1=" " ind2="7" tag="651"><subfield code="a">Washington (State)</subfield><subfield code="z">Seattle</subfield><subfield code="z">Greenwood.</subfield><subfield code="2">fast</subfield><subfield code="0">(OCoLC)fst01326696</subfield></datafield><datafield ind1=" " ind2="7" tag="651"><subfield code="a">Washington (State)</subfield><subfield code="z">Seattle</subfield><subfield code="z">North Park.</subfield><subfield code="2">fast</subfield><subfield code="0">(OCoLC)fst01326989</subfield></datafield><datafield ind1=" " ind2="7" tag="651"><subfield code="a">Washington (State)</subfield><subfield code="z">Seattle</subfield><subfield code="z">Phinney Ridge.</subfield><subfield code="2">fast</subfield><subfield code="0">(OCoLC)fst01326697</subfield></datafield><datafield ind1=" " ind2="7" tag="651"><subfield code="a">Washington (State)</subfield><subfield code="z">Seattle</subfield><subfield code="z">Wallingford.</subfield><subfield code="2">fast</subfield><subfield code="0">(OCoLC)fst01322013</subfield></datafield><datafield ind1=" " ind2="7" tag="655"><subfield code="a">Newspapers.</subfield><subfield code="2">fast</subfield><subfield code="0">(OCoLC)fst01423814</subfield></datafield><datafield ind1="1" ind2=" " tag="700"><subfield code="a">Stapp, Orrill V.</subfield></datafield><datafield ind1="0" ind2="2" tag="740"><subfield code="a">Broadview outlook.</subfield></datafield><datafield ind1="0" ind2="2" tag="740"><subfield code="a">Fremont outlook.</subfield></datafield><datafield ind1="0" ind2="2" tag="740"><subfield code="a">Greenwood-Phinney outlook.</subfield></datafield><datafield ind1="0" ind2="2" tag="740"><subfield code="a">North Park outlook.</subfield></datafield><datafield ind1="0" ind2="2" tag="740"><subfield code="a">North Side outlook (Seattle, Wash. : Fremont ed.)</subfield></datafield><datafield ind1="0" ind2="2" tag="740"><subfield code="a">North Side outlook (Seattle, Wash. : Greenwood-Phinney ed.)</subfield></datafield><datafield ind1="0" ind2="2" tag="740"><subfield code="a">North Side outlook (Seattle, Wash. : Mailing ed.)</subfield></datafield><datafield ind1="0" ind2="2" tag="740"><subfield code="a">North Side outlook (Seattle, Wash. : Meridian ed.)</subfield></datafield><datafield ind1="0" ind2="2" tag="740"><subfield code="a">North Side outlook (Seattle, Wash. : North 45th St. ed.)</subfield></datafield><datafield ind1="0" ind2="2" tag="740"><subfield code="a">North Side outlook (Seattle, Wash. : Wallingford ed.)</subfield></datafield><datafield ind1="0" ind2="2" tag="740"><subfield code="a">Wallingford outlook.</subfield></datafield><datafield ind1="0" ind2="2" tag="740"><subfield code="a">West Green Lake outlook.</subfield></datafield><datafield ind1="0" ind2="2" tag="740"><subfield code="a">Woodland Heights outlook.</subfield></datafield><datafield ind1=" " ind2=" " tag="752"><subfield code="a">United States</subfield><subfield code="b">Washington</subfield><subfield code="c">King</subfield><subfield code="d">Seattle.</subfield></datafield><datafield ind1="0" ind2="0" tag="780"><subfield code="t">Wallingford Hill outlook</subfield><subfield code="w">(DLC)  2002252133</subfield></datafield><datafield ind1="1" ind2="7" tag="785"><subfield code="t">North Central outlook</subfield><subfield code="w">(DLC)  2002252135</subfield><subfield code="w">(OCoLC)49235901</subfield></datafield><datafield ind1="1" ind2=" " tag="029"><subfield code="a">AU@</subfield><subfield code="b">000023395595</subfield></datafield></record>